

@book{Serra82,
        title = {Image analysis and mathematical morphology},
        publisher = {Academic Press},
        year = {1982},
        author = {J. Serra}
}
